@article {telatar99,
author = {Telatar, Emre},
title = {Capacity of Multi-antenna Gaussian Channels},
journal = {European Transactions on Telecommunications},
volume = {10},
number = {6},
publisher = {Wiley Subscription Services, Inc., A Wiley Company},
issn = {1541-8251},
url = {http://dx.doi.org/10.1002/ett.4460100604},
doi = {10.1002/ett.4460100604},
pages = {585--595},
year = {1999},
}